@article{zwietering1990modeling,
  title={Modeling of the bacterial growth curve},
  author={Zwietering, MH and Jongenburger, Il and Rombouts, FM and Van't Riet, KJAEM},
  journal={Appl. Environ. Microbiol.},
  volume={56},
  number={6},
  pages={1875--1881},
  year={1990},
  publisher={Am Soc Microbiol}
}

@article{eagon1962pseudomonas,
  title={Pseudomonas natriegens, a marine bacterium with a generation time of less than 10 minutes},
  author={Eagon, Robert Garfield},
  journal={Journal of bacteriology},
  volume={83},
  number={4},
  pages={736--737},
  year={1962},
  publisher={Am Soc Microbiol}
}

@article{baty2004estimating,
  title={Estimating the bacterial lag time: which model, which precision?},
  author={Baty, Florent and Delignette-Muller, Marie-Laure},
  journal={International journal of food microbiology},
  volume={91},
  number={3},
  pages={261--277},
  year={2004},
  publisher={Elsevier}
}

@article{bertrand2019lag,
  title={Lag phase is a dynamic, organized, adaptive, and evolvable period that prepares bacteria for cell division},
  author={Bertrand, Robert L},
  journal={Journal of bacteriology},
  volume={201},
  number={7},
  pages={e00697--18},
  year={2019},
  publisher={Am Soc Microbiol}
}

@article{bridges2001effect,
  title={Effect of endogenous carotenoids on “adaptive” mutation in Escherichia coli FC40},
  author={Bridges, Bryn A and Foster, Patricia L and Timms, Andrew R},
  journal={Mutation Research/Fundamental and Molecular Mechanisms of Mutagenesis},
  volume={473},
  number={1},
  pages={109--119},
  year={2001},
  publisher={Elsevier}
}

@article{novick1955growth,
  title={Growth of bacteria},
  author={Novick, Aaron},
  journal={Annual Reviews in Microbiology},
  volume={9},
  number={1},
  pages={97--110},
  year={1955},
  publisher={Annual Reviews 4139 El Camino Way, PO Box 10139, Palo Alto, CA 94303-0139, USA}
}

@article{gibson1988predicting,
  title={Predicting microbial growth: growth responses of salmonellae in a laboratory medium as affected by pH, sodium chloride and storage temperature},
  author={Gibson, Angela M and Bratchell, N and Roberts, TA},
  journal={International journal of food microbiology},
  volume={6},
  number={2},
  pages={155--178},
  year={1988},
  publisher={Elsevier}
}

@article{baranyi1993non,
  title={A non-autonomous differential equation to model bacterial growth},
  author={Baranyi, J and Roberts, TA and McClure, P},
  journal={Food microbiology},
  volume={10},
  number={1},
  pages={43--59},
  year={1993},
  publisher={Elsevier Science}
}

@article{buchanan1997simple,
  title={When is simple good enough: a comparison of the Gompertz, Baranyi, and three-phase linear models for fitting bacterial growth curves},
  author={Buchanan, RL and Whiting, RC and Damert, WC},
  journal={Food microbiology},
  volume={14},
  number={4},
  pages={313--326},
  year={1997},
  publisher={Academic Press}
}

@article{buchanan1990mathematical,
  title={A mathematical approach toward defining and calculating the duration of the lag phase},
  author={Buchanan, Robert L and Cygnarowicz, Miriam L},
  journal={Food Microbiology},
  volume={7},
  number={3},
  pages={237--240},
  year={1990},
  publisher={Elsevier}
}

@article{damert1994abacus,
  title={ABACUS: Interactive program for nonlinear regression analysis},
  author={Damert, W},
  journal={QCPE Bull},
  volume={14},
  pages={61},
  year={1994}
}

@article{newville2016lmfit,
  title={LMFIT: Non-linear least-square minimization and curve-fitting for Python},
  author={Newville, Matthew and Stensitzki, Till and Allen, Daniel B and Rawlik, Michal and Ingargiola, Antonino and Nelson, Andrew},
  journal={Astrophysics Source Code Library},
  year={2016}
}

@book{mcelreath2016statistical,
  title={Statistical rethinking: A Bayesian course with examples in R and Stan},
  author={McElreath, Richard},
  volume={122},
  year={2016},
  publisher={CRC press}
}

@book{mcquarrie1998regression,
  title={Regression and time series model selection},
  author={McQuarrie, Allan DR and Tsai, Chih-Ling},
  year={1998},
  publisher={World Scientific}
}

@article{cavanaugh1997unifying,
  title={Unifying the derivations for the Akaike and corrected Akaike information criteria},
  author={Cavanaugh, Joseph E},
  journal={Statistics \& Probability Letters},
  volume={33},
  number={2},
  pages={201--208},
  year={1997},
  publisher={Elsevier}
}

@article{burnham2004multimodel,
  title={Multimodel inference: understanding AIC and BIC in model selection},
  author={Burnham, Kenneth P and Anderson, David R},
  journal={Sociological methods \& research},
  volume={33},
  number={2},
  pages={261--304},
  year={2004},
  publisher={Sage Publications Sage CA: Thousand Oaks, CA}
}

@article{bozdogan1987model,
  title={Model selection and Akaike's information criterion (AIC): The general theory and its analytical extensions},
  author={Bozdogan, Hamparsum},
  journal={Psychometrika},
  volume={52},
  number={3},
  pages={345--370},
  year={1987},
  publisher={Springer}
}

@article{wagenmakers2004aic,
  title={AIC model selection using Akaike weights},
  author={Wagenmakers, Eric-Jan and Farrell, Simon},
  journal={Psychonomic bulletin \& review},
  volume={11},
  number={1},
  pages={192--196},
  year={2004},
  publisher={Springer}
}

@article{mckinney2011pandas,
  title={pandas: a foundational Python library for data analysis and statistics},
  author={McKinney, Wes and others},
  journal={Python for High Performance and Scientific Computing},
  volume={14},
  number={9},
  year={2011}
}

@article{ginestet2011ggplot2,
  title={ggplot2: elegant graphics for data analysis},
  author={Ginestet, Cedric},
  journal={Journal of the Royal Statistical Society: Series A (Statistics in Society)},
  volume={174},
  number={1},
  pages={245--246},
  year={2011},
  publisher={Wiley Online Library}
}

@article{brunner2006matrix,
  title={Matrix factorizations and mirror symmetry: The cubic curve},
  author={Brunner, Ilka and Herbst, Manfred and Lerche, Wolfgang and Walcher, Johannes},
  journal={Journal of High Energy Physics},
  volume={2006},
  number={11},
  pages={006},
  year={2006},
  publisher={IOP Publishing}
}

@article{sakamoto1986akaike,
  title={Akaike information criterion statistics},
  author={Sakamoto, Yosiyuki and Ishiguro, Makio and Kitagawa, Genshiro},
  journal={Dordrecht, The Netherlands: D. Reidel},
  volume={81},
  year={1986},
  publisher={Taylor \& Francis}
}

@article{burnham2002model,
  title={Model selection and},
  author={Burnham, Kenneth P and Anderson, David R},
  year={2002}
}

