@article{malhotra2015ploidy,
  title={Ploidy-Seq: inferring mutational chronology by sequencing polyploid tumor subpopulations},
  author={Malhotra, Ankit and Wang, Yong and Waters, Jill and Chen, Ken and Meric-Bernstam, Funda and Hall, Ira M and Navin, Nicholas E},
  journal={Genome medicine},
  volume={7},
  number={1},
  pages={6},
  year={2015},
  publisher={BioMed Central}
}

@article{margarido2015conpade,
  title={ConPADE: genome assembly ploidy estimation from next-generation sequencing data},
  author={Margarido, Gabriel RA and Heckerman, David},
  journal={PLoS computational biology},
  volume={11},
  number={4},
  pages={e1004229},
  year={2015},
  publisher={Public Library of Science}
}

@book{bishop2006pattern,
  title={Pattern recognition and machine learning},
  author={Bishop, Christopher M},
  year={2006},
  publisher={springer}
}
